@misc{refinedweb,
      title = {The RefinedWeb Dataset for Falcon LLM: Outperforming Curated Corpora with Web Data, and Web Data Only},
      author = {Guilherme Penedo and Quentin Malartic and Daniel Hesslow and Ruxandra Cojocaru and Alessandro Cappelli and Hamza Alobeidli and Baptiste Pannier and Ebtesam Almazrouei and Julien Launa},
      year = {2023},
      eprint = {2306.01116},
      archivePrefix={arXiv},
      primaryClass={cs.CL},
      url={https://arxiv.org/abs/2306.01116},
}

@misc{starcoder,
      title = {StarCoder: may the source be with you!},
      author = {Raymond Li and Loubna Ben Allal and Yangtian Zi and Niklas Muennighoff and Denis Kocetkov and Chenghao Mou and Marc Marone and Christopher Akiki and Jia Li and Jenny Chim and Qian Liu and Evgenii Zheltonozhskii and Terry Yue Zhuo and Thomas Wang and Olivier Dehaene and Mishig Davaadorj and Joel Lamy-Poirier and João Monteiro and Oleh Shliazhko and Nicolas Gontier and Nicholas Meade and Armel Zebaze and Ming-Ho Yee and Logesh Kumar Umapathi and Jian Zhu and Benjamin Lipkin and Muhtasham Oblokulov and Zhiruo Wang and Rudra Murthy and Jason Stillerman and Siva Sankalp Patel and Dmitry Abulkhanov and Marco Zocca and Manan Dey and Zhihan Zhang and Nour Fahmy and Urvashi Bhattacharyya and Wenhao Yu and Swayam Singh and Sasha Luccioni and Paulo Villegas and Maxim Kunakov and Fedor Zhdanov and Manuel Romero and Tony Lee and Nadav Timor and Jennifer Ding and Claire Schlesinger and Hailey Schoelkopf and Jan Ebert and Tri Dao and Mayank Mishra and Alex Gu and Jennifer Robinson and Carolyn Jane Anderson and Brendan Dolan-Gavitt and Danish Contractor and Siva Reddy and Daniel Fried and Dzmitry Bahdanau and Yacine Jernite and Carlos Muñoz Ferrandis and Sean Hughes and Thomas Wolf and Arjun Guha and Leandro von Werra and Harm de Vries},
      year = {2023},
      eprint = {2305.06161},
      archivePrefix={arXiv},
      primaryClass={cs.CL},
      url={https://arxiv.org/abs/2305.06161},
}

@misc{redpajama,
      title = {RedPajama: an Open Dataset for Training Large Language Models},
      author = {Maurice Weber and Daniel Fu and Quentin Anthony and Yonatan Oren and Shane Adams and Anton Alexandrov and Xiaozhong Lyu and Huu Nguyen and Xiaozhe Yao and Virginia Adams and Ben Athiwaratkun and Rahul Chalamala and Kezhen Chen and Max Ryabinin and Tri Dao and Percy Liang and Christopher Ré and Irina Rish and Ce Zhang},
      year = {2024},
      eprint = {2411.12372},
      archivePrefix={arXiv},
      primaryClass={cs.CL},
      url={https://arxiv.org/abs/2411.12372},
}

@misc{llm360,
      title = {LLM360: Towards Fully Transparent Open-Source LLMs},
      author = {Zhengzhong Liu and Aurick Qiao and Willie Neiswanger and Hongyi Wang and Bowen Tan and Tianhua Tao and Junbo Li and Yuqi Wang and Suqi Sun and Omkar Pangarkar and Richard Fan and Yi Gu and Victor Miller and Yonghao Zhuang and Guowei He and Haonan Li and Fajri Koto and Liping Tang and Nikhil Ranjan and Zhiqiang Shen and Xuguang Ren and Roberto Iriondo and Cun Mu and Zhiting Hu and Mark Schulze and Preslav Nakov and Tim Baldwin and Eric P. Xing},
      year = {2023},
      eprint = {2312.06550},
      archivePrefix={arXiv},
      primaryClass={cs.CL},
      url={https://arxiv.org/abs/2312.06550},
}
@misc{onebit,
      title = {OneBit: Towards Extremely Low-bit Large Language Models},
      author = {Yuzhuang Xu and Xu Han and Zonghan Yang and Shuo Wang and Qingfu Zhu and Zhiyuan Liu and Weidong Liu and Wanxiang Che},
      year = {2024},
      eprint = {2402.11295},
      archivePrefix={arXiv},
      primaryClass={cs.CL},
      url={https://arxiv.org/abs/2402.11295},
}

@misc{flipflop,
      title={How Do Adam and Training Strategies Help BNNs Optimization?}, 
      author={Zechun Liu and Zhiqiang Shen and Shichao Li and Koen Helwegen and Dong Huang and Kwang-Ting Cheng},
      year={2021},
      eprint={2106.11309},
      archivePrefix={arXiv},
      primaryClass={cs.CL},
      url={https://arxiv.org/abs/2106.11309}, 
}

@misc{quantizationtechniques,
      title={A Comprehensive Study on Quantization Techniques for Large Language Models}, 
      author={Jiedong Lang and Zhehao Guo and Shuyu Huang},
      year={2024},
      eprint={2411.02530},
      archivePrefix={arXiv},
      primaryClass={cs.CL},
      url={https://arxiv.org/abs/2411.02530}, 
}

@misc{xiao2024smoothquantaccurateefficientposttraining,
      title={SmoothQuant: Accurate and Efficient Post-Training Quantization for Large Language Models}, 
      author={Guangxuan Xiao and Ji Lin and Mickael Seznec and Hao Wu and Julien Demouth and Song Han},
      year={2024},
      eprint={2211.10438},
      archivePrefix={arXiv},
      primaryClass={cs.CL},
      url={https://arxiv.org/abs/2211.10438}, 
}

@misc{wang2023bitnetscaling1bittransformers,
      title={BitNet: Scaling 1-bit Transformers for Large Language Models}, 
      author={Hongyu Wang and Shuming Ma and Li Dong and Shaohan Huang and Huaijie Wang and Lingxiao Ma and Fan Yang and Ruiping Wang and Yi Wu and Furu Wei},
      year={2023},
      eprint={2310.11453},
      archivePrefix={arXiv},
      primaryClass={cs.CL},
      url={https://arxiv.org/abs/2310.11453}, 
}

@misc{ma2024era1bitllmslarge,
      title={The Era of 1-bit LLMs: All Large Language Models are in 1.58 Bits}, 
      author={Shuming Ma and Hongyu Wang and Lingxiao Ma and Lei Wang and Wenhui Wang and Shaohan Huang and Li Dong and Ruiping Wang and Jilong Xue and Furu Wei},
      year={2024},
      eprint={2402.17764},
      archivePrefix={arXiv},
      primaryClass={cs.CL},
      url={https://arxiv.org/abs/2402.17764}, 
}

@misc{du2024bitdistillerunleashingpotentialsub4bit,
      title={BitDistiller: Unleashing the Potential of Sub-4-Bit LLMs via Self-Distillation}, 
      author={Dayou Du and Yijia Zhang and Shijie Cao and Jiaqi Guo and Ting Cao and Xiaowen Chu and Ningyi Xu},
      year={2024},
      eprint={2402.10631},
      archivePrefix={arXiv},
      primaryClass={cs.CL},
      url={https://arxiv.org/abs/2402.10631}, 
}

@misc{fbillm,
      title={FBI-LLM: Scaling Up Fully Binarized LLMs from Scratch via Autoregressive Distillation}, 
      author={Liqun Ma, Mingjie Sun, Zhiqiang Shen},
      year={2024},
      archivePrefix={arXiv},
      primaryClass={cs.CL},
      url={https://arxiv.org/pdf/2407.07093}, 
}

@misc{boizard2025crosstokenizerdistillationuniversallogit,
      title={Towards Cross-Tokenizer Distillation: the Universal Logit Distillation Loss for LLMs}, 
      author={Nicolas Boizard and Kevin El Haddad and Céline Hudelot and Pierre Colombo},
      year={2025},
      eprint={2402.12030},
      archivePrefix={arXiv},
      primaryClass={cs.CL},
      url={https://arxiv.org/abs/2402.12030}, 
}

@misc{gu2024minillmknowledgedistillationlarge,
      title={MiniLLM: Knowledge Distillation of Large Language Models}, 
      author={Yuxian Gu and Li Dong and Furu Wei and Minlie Huang},
      year={2024},
      eprint={2306.08543},
      archivePrefix={arXiv},
      primaryClass={cs.CL},
      url={https://arxiv.org/abs/2306.08543}, 
}